<?xml version="1.0" encoding="UTF-8"?><record xmlns="http://www.loc.gov/MARC21/slim" xmlns:cinclude="http://apache.org/cocoon/include/1.0" xmlns:zs="http://www.loc.gov/zing/srw/">
  <leader>00686cz  a2200145n  4500</leader>
  <controlfield tag="001">n  93107374 </controlfield>
  <controlfield tag="003">DLC</controlfield>
  <controlfield tag="005">19970829120045.9</controlfield>
  <controlfield tag="008">931101n| acannaab|          |a aaa |||  </controlfield>
  <datafield tag="010" ind1=" " ind2=" ">
    <subfield code="a">n  93107374 </subfield>
  </datafield>
  <datafield tag="040" ind1=" " ind2=" ">
    <subfield code="a">DLC</subfield>
    <subfield code="c">DLC</subfield>
    <subfield code="d">DLC</subfield>
  </datafield>
  <datafield tag="100" ind1="1" ind2="0">
    <subfield code="a">Korepin, V. E.</subfield>
    <subfield code="q">(Vladimir E.)</subfield>
  </datafield>
  <datafield tag="400" ind1="1" ind2="0">
    <subfield code="a">Korepin, Vladimir</subfield>
  </datafield>
  <datafield tag="670" ind1=" " ind2=" ">
    <subfield code="a">Quantum inverse scattering method and correlation functions, 1993:</subfield>
    <subfield code="b">t.p. (V.E. Korepin) jkt. (Vladimir Korepin, Institute for Theoretical Physics of the State Univ. of NY at Stony Brook, USA)</subfield>
  </datafield>
  <datafield tag="670" ind1=" " ind2=" ">
    <subfield code="a">Korreli︠a︡t︠s︡ionnye funkt︠s︡ii integriruemykh sistem i kvantovyĭ metod obratnoĭ zadachi, 1992:</subfield>
    <subfield code="b">t.p. (V.E. Korepin) colophon (Korepin Vladimir Evgenʹevich)</subfield>
  </datafield>
</record>